%% This BibTeX bibliography file was created using BibDesk.
%% http://bibdesk.sourceforge.net/


%% Created for Vagios Vlachos at 2014-03-12 08:00:54 +0200 


%% Saved with string encoding Unicode (UTF-8) 



@book{sacks2010saturated,
	Author = {Sacks, Gerald E},
	Date-Added = {2014-02-11 16:50:18 +0000},
	Date-Modified = {2014-02-11 16:50:18 +0000},
	Publisher = {World Scientific},
	Title = {Saturated model theory},
	Year = {2010}}

@article{mekler1992dedekind,
	Author = {Mekler, Alan and Rubin, Matatyahu and Steinhorn, Charles},
	Date-Added = {2013-12-15 22:11:48 +0000},
	Date-Modified = {2013-12-15 22:11:48 +0000},
	Journal = {Canad. J. Math},
	Number = {4},
	Pages = {843--855},
	Title = {Dedekind completeness and the algebraic complexity of o-minimal structures},
	Volume = {44},
	Year = {1992}}

@article{miller1998growth,
	Author = {Miller, Chris and Starchenko, Sergei},
	Date-Added = {2013-12-15 16:18:28 +0000},
	Date-Modified = {2013-12-15 16:18:28 +0000},
	Journal = {Transactions of the American Mathematical Society},
	Number = {9},
	Pages = {3505--3521},
	Title = {A growth dichotomy for o-minimal expansions of ordered groups},
	Volume = {350},
	Year = {1998}}

@article{peterzil1998trichotomy,
	Author = {Peterzil, Ya'acov and Starchenko, Sergei},
	Date-Added = {2013-12-15 16:17:31 +0000},
	Date-Modified = {2013-12-15 16:17:31 +0000},
	Journal = {Proceedings of the London Mathematical Society},
	Number = {3},
	Pages = {481--523},
	Publisher = {Oxford University Press},
	Title = {A trichotomy theorem for o-minimal structures},
	Volume = {77},
	Year = {1998}}

@article{marker1994definable,
	Author = {Marker, David and Steinhorn, Charles I},
	Date-Added = {2013-10-19 04:49:29 +0000},
	Date-Modified = {2013-10-19 04:49:29 +0000},
	Journal = {The Journal of Symbolic Logic},
	Number = {1},
	Pages = {185--198},
	Publisher = {JSTOR},
	Title = {Definable types in o-minimal theories},
	Volume = {59},
	Year = {1994}}

@book{pillay2011introduction,
	Author = {Pillay, Anand},
	Date-Added = {2013-10-19 04:39:56 +0000},
	Date-Modified = {2014-02-11 17:49:15 +0000},
	Publisher = {Dover Publications},
	Title = {An introduction to stability theory},
	Year = {2011}}

@article{pillay1986some,
	Author = {Pillay, Anand},
	Date-Added = {2013-10-19 04:39:20 +0000},
	Date-Modified = {2013-10-19 04:39:20 +0000},
	Journal = {The Journal of Symbolic Logic},
	Number = {3},
	Pages = {709--714},
	Publisher = {JSTOR},
	Title = {Some remarks on definable equivalence relations in o-minimal structures},
	Volume = {51},
	Year = {1986}}

@article{marker1986omitting,
	Author = {Marker, David},
	Date-Added = {2013-10-19 04:38:30 +0000},
	Date-Modified = {2013-10-19 04:38:30 +0000},
	Journal = {The Journal of Symbolic Logic},
	Number = {1},
	Pages = {63--74},
	Publisher = {JSTOR},
	Title = {Omitting types in o-minimal theories},
	Volume = {51},
	Year = {1986}}

@article{van1986generalization,
	Author = {Van den Dries, Lou},
	Date-Added = {2013-10-19 04:37:00 +0000},
	Date-Modified = {2013-10-19 04:37:00 +0000},
	Journal = {Bulletin of the American Mathematical Society},
	Number = {2},
	Pages = {189--193},
	Title = {A generalization of the Tarski-Seidenberg theorem, and some nondefinability results},
	Volume = {15},
	Year = {1986}}

@article{van1986tarski,
	Author = {van den Dries, Lou},
	Date-Added = {2013-10-19 04:35:35 +0000},
	Date-Modified = {2013-10-19 04:35:35 +0000},
	Journal = {Studies in Logic and the Foundations of Mathematics},
	Pages = {59--90},
	Publisher = {Elsevier},
	Title = {Tarski's problem and Pfaffian functions},
	Volume = {120},
	Year = {1986}}

@article{shelah1972uniqueness,
	Author = {Shelah, Saharon},
	Date-Added = {2013-10-10 08:52:52 +0000},
	Date-Modified = {2013-10-10 08:52:52 +0000},
	Journal = {Journal of Symbolic Logic},
	Pages = {107--113},
	Publisher = {JSTOR},
	Title = {Uniqueness and characterization of prime models over sets for totally transcendental first-order theories},
	Year = {1972}}

@article{Pillay1988239,
	Author = {Anand Pillay},
	Date-Added = {2013-09-22 17:37:09 +0000},
	Date-Modified = {2013-09-22 17:37:09 +0000},
	Doi = {http://dx.doi.org/10.1016/0022-4049(88)90125-9},
	Issn = {0022-4049},
	Journal = {Journal of Pure and Applied Algebra},
	Number = {3},
	Pages = {239 - 255},
	Title = {On groups and fields definable in o-minimal structures},
	Url = {http://www.sciencedirect.com/science/article/pii/0022404988901259},
	Volume = {53},
	Year = {1988},
	Bdsk-Url-1 = {http://www.sciencedirect.com/science/article/pii/0022404988901259},
	Bdsk-Url-2 = {http://dx.doi.org/10.1016/0022-4049(88)90125-9}}

@book{marker2002model,
	Author = {Marker, David},
	Date-Added = {2013-09-20 10:10:53 +0000},
	Date-Modified = {2013-09-20 10:10:53 +0000},
	Publisher = {Springer},
	Title = {Model theory: an introduction},
	Year = {2002}}

@book{chang1990model,
	Author = {Chang, Chen Chung and Keisler, H Jerome},
	Date-Added = {2013-09-20 10:09:59 +0000},
	Date-Modified = {2013-09-20 10:09:59 +0000},
	Publisher = {Access Online via Elsevier},
	Title = {Model theory},
	Year = {1990}}

@article{macpherson1999notes,
	Author = {Macpherson, Dugald},
	Date-Added = {2013-09-19 11:56:45 +0000},
	Date-Modified = {2013-09-19 11:56:45 +0000},
	Journal = {Model theory, algebra, and geometry},
	Pages = {97--130},
	Title = {Notes on o-minimality and variations},
	Volume = {39},
	Year = {1999}}

@book{haskell2000model,
	Author = {Haskell, Deirdre and Pillay, Anand and Steinhorn, Charles},
	Date-Added = {2013-09-19 11:55:18 +0000},
	Date-Modified = {2013-09-19 11:55:18 +0000},
	Publisher = {Cambridge University Press},
	Title = {Model theory, algebra, and geometry},
	Volume = {39},
	Year = {2000}}

@article{wilkie1999theorem,
	Author = {Wilkie, Alex J},
	Date-Added = {2013-08-19 14:44:34 +0000},
	Date-Modified = {2013-08-19 14:44:34 +0000},
	Journal = {Selecta Mathematica, New Series},
	Number = {4},
	Pages = {397--421},
	Publisher = {Springer},
	Title = {A theorem of the complement and some new o-minimal structures},
	Volume = {5},
	Year = {1999}}

@book{van1998tame,
	Author = {Van den Dries, Lou},
	Date-Added = {2013-08-19 14:43:16 +0000},
	Date-Modified = {2013-08-19 14:46:45 +0000},
	Publisher = {Cambridge University Press},
	Read = {0},
	Title = {Tame topology and o-minimal structures},
	Volume = {248},
	Year = {1998}}

@article{pillay1988definable,
	Author = {Pillay, Anand and Steinhorn, Charles},
	Date-Added = {2013-08-19 14:42:16 +0000},
	Date-Modified = {2013-08-19 14:42:16 +0000},
	Journal = {Transactions of the American Mathematical Society},
	Pages = {469--476},
	Publisher = {JSTOR},
	Title = {Definable sets in ordered structures. III},
	Year = {1988}}

@article{knight1986definable,
	Author = {Knight, Julia F and Pillay, Anand and Steinhorn, Charles},
	Date-Added = {2013-08-19 14:41:54 +0000},
	Date-Modified = {2013-08-19 14:41:54 +0000},
	Journal = {Transactions of the American Mathematical Society},
	Number = {2},
	Pages = {593--605},
	Title = {Definable sets in ordered structures. II},
	Volume = {295},
	Year = {1986}}

@article{pillay1986definable,
	Author = {Pillay, Anand and Steinhorn, Charles},
	Date-Added = {2013-08-19 14:41:32 +0000},
	Date-Modified = {2013-08-19 14:41:32 +0000},
	Journal = {Transactions of the American Mathematical Society},
	Number = {2},
	Pages = {565--592},
	Title = {Definable sets in ordered structures. I},
	Volume = {295},
	Year = {1986}}
