%% This BibTeX bibliography file was created using BibDesk.
%% http://bibdesk.sourceforge.net/


%% Created for Vagios Vlachos at 2014-01-20 13:19:33 +0200 


%% Saved with string encoding Unicode (UTF-8) 



@article{van1999one,
	Author = {Van Den Dries, Lou and Haskell, Deirdre and Macpherson, Dugald},
	Date-Added = {2014-01-17 09:48:55 +0000},
	Date-Modified = {2014-01-17 09:48:55 +0000},
	Journal = {Journal of the London Mathematical Society},
	Number = {1},
	Pages = {1--20},
	Publisher = {Oxford University Press},
	Title = {One-dimensional p-adic subanalytic sets},
	Volume = {59},
	Year = {1999}}

@article{haskell1997version,
	Author = {Haskell, Deirdre and Macpherson, Dugald},
	Date-Added = {2014-01-17 09:38:45 +0000},
	Date-Modified = {2014-01-17 09:38:45 +0000},
	Journal = {The Journal of Symbolic Logic},
	Number = {4},
	Pages = {1075--1092},
	Publisher = {JSTOR},
	Title = {A version of o-minimality for the p-adics},
	Volume = {62},
	Year = {1997}}

@article{scowcroft1988structure,
	Author = {Scowcroft, Philip and van den Dries, Lou},
	Date-Added = {2014-01-17 09:02:42 +0000},
	Date-Modified = {2014-01-17 09:02:42 +0000},
	Journal = {The Journal of Symbolic Logic},
	Number = {4},
	Pages = {1138--1164},
	Publisher = {JSTOR},
	Title = {On the structure of semialgebraic sets over p-adic fields},
	Volume = {53},
	Year = {1988}}

@article{denef1986p,
	Author = {Denef, Jan},
	Date-Added = {2014-01-17 09:01:49 +0000},
	Date-Modified = {2014-01-17 09:01:49 +0000},
	Journal = {J. Reine Angew. Math},
	Pages = {154--166},
	Title = {P-adic semi-algebraic sets and cell decomposition},
	Volume = {369},
	Year = {1986}}

@article{mourgues2009cell,
	Author = {Mourgues, Marie-H{\'e}l{\`e}ne},
	Date-Added = {2014-01-17 08:57:00 +0000},
	Date-Modified = {2014-01-17 08:57:00 +0000},
	Journal = {Mathematical Logic Quarterly},
	Number = {5},
	Pages = {487--492},
	Publisher = {Wiley Online Library},
	Title = {Cell decomposition for P-minimal fields},
	Volume = {55},
	Year = {2009}}

@incollection{weispfenning1984quantifier,
	Author = {Weispfenning, Volker},
	Booktitle = {Models and sets},
	Date-Added = {2014-01-15 12:46:07 +0000},
	Date-Modified = {2014-01-15 12:46:07 +0000},
	Pages = {419--472},
	Publisher = {Springer},
	Title = {Quantifier elimination and decision procedures for valued fields},
	Year = {1984}}

@book{adeleke1998relations,
	Author = {Adeleke, S Samson Adepoju and Neumann, Peter M},
	Date-Added = {2014-01-13 13:15:18 +0000},
	Date-Modified = {2014-01-13 13:15:18 +0000},
	Publisher = {AMS Bookstore},
	Title = {Relations related to betweenness: their structure and automorphisms},
	Volume = {623},
	Year = {1998}}

@article{haskell1994cell,
	Author = {Haskell, Deirdre and Macpherson, Dugald},
	Date-Added = {2013-12-24 08:37:22 +0000},
	Date-Modified = {2013-12-24 08:37:22 +0000},
	Journal = {Annals of Pure and Applied Logic},
	Number = {2},
	Pages = {113--162},
	Publisher = {Elsevier},
	Title = {Cell decompositions of C-minimal structures},
	Volume = {66},
	Year = {1994}}

@article{macpherson1996variants,
	Author = {Macpherson, Dugald and Steinhorn, Charles},
	Date-Added = {2013-12-23 07:33:05 +0000},
	Date-Modified = {2013-12-23 07:35:46 +0000},
	Journal = {Annals of Pure and Applied Logic},
	Number = {2},
	Pages = {165--209},
	Publisher = {North-Holland},
	Title = {On variants of o-minimality},
	Volume = {79},
	Year = {1996}}

@article{van1995t,
	Author = {Van Den Dries, Lou and Lewenberg, Adam H},
	Date-Added = {2013-12-06 07:46:07 +0000},
	Date-Modified = {2013-12-06 07:46:07 +0000},
	Journal = {Journal of Symbolic Logic},
	Pages = {74--102},
	Publisher = {JSTOR},
	Title = {T-convexity and tame extensions},
	Year = {1995}}

@article{van1997t,
	Author = {Van Den Dries, Lou},
	Date-Added = {2013-12-06 07:45:42 +0000},
	Date-Modified = {2013-12-06 07:45:42 +0000},
	Journal = {The Journal of Symbolic Logic},
	Number = {1},
	Pages = {14--34},
	Publisher = {JSTOR},
	Title = {T-convexity and tame extensions II},
	Volume = {62},
	Year = {1997}}

@article{dickmann1987elimination,
	Author = {Dickmann, Max A},
	Date-Added = {2013-12-06 07:43:34 +0000},
	Date-Modified = {2013-12-06 07:43:34 +0000},
	Journal = {The Journal of Symbolic Logic},
	Number = {1},
	Pages = {116--128},
	Publisher = {JSTOR},
	Title = {Elimination of quantifiers for ordered valuation rings},
	Volume = {52},
	Year = {1987}}

@article{cherlin1983real,
	Author = {Cherlin, Gregory and Dickmann, Max A},
	Date-Added = {2013-12-06 07:42:55 +0000},
	Date-Modified = {2013-12-06 07:42:55 +0000},
	Journal = {Annals of pure and applied logic},
	Number = {3},
	Pages = {213--231},
	Publisher = {North-Holland},
	Title = {Real closed rings II. Model theory},
	Volume = {25},
	Year = {1983}}

@article{baizhanov2001expansion,
	Author = {Baizhanov, Bektur Sembiuly},
	Date-Added = {2013-12-06 07:42:11 +0000},
	Date-Modified = {2013-12-06 07:42:11 +0000},
	Journal = {Journal of Symbolic Logic},
	Pages = {1382--1414},
	Publisher = {JSTOR},
	Title = {Expansion of a model of a weakly o-minimal theory by a family of unary predicates},
	Year = {2001}}

@article{baisalov1998paires,
	Author = {Baisalov, Yerzhan and Poizat, Bruno},
	Date-Added = {2013-12-06 07:40:52 +0000},
	Date-Modified = {2013-12-06 07:40:52 +0000},
	Journal = {The Journal of Symbolic Logic},
	Number = {2},
	Pages = {570--578},
	Publisher = {JSTOR},
	Title = {Paires de structures o-minimales},
	Volume = {63},
	Year = {1998}}

@article{arefiev1997monotonicity,
	Author = {Arefiev, Roman},
	Date-Added = {2013-12-03 08:26:08 +0000},
	Date-Modified = {2013-12-03 08:26:08 +0000},
	Journal = {preprint},
	Title = {On monotonicity for weakly o-minimal structures},
	Year = {1997}}

@article{macpherson2000weakly,
	Author = {Macpherson, Dugald and Marker, David and Steinhorn, Charles},
	Date-Added = {2013-12-03 07:34:51 +0000},
	Date-Modified = {2013-12-03 07:34:51 +0000},
	Journal = {Transactions of the American Mathematical Society},
	Number = {12},
	Pages = {5435--5483},
	Title = {Weakly o-minimal structures and real closed fields},
	Volume = {352},
	Year = {2000}}
